<?xml version="1.0" encoding="UTF-8"?>
<collection xmlns="http://www.loc.gov/MARC21/slim">
   <record>
      <leader>00000nz  a2200000nc 4500</leader>
      <controlfield tag="001">institutions/30079397</controlfield>
      <controlfield tag="003">DE-633</controlfield>
      <controlfield tag="005">20250627123251.0</controlfield>
      <controlfield tag="008">161109||||z|||a|||||||||||||||||n||||||d</controlfield>
      <datafield tag="024" ind1="7" ind2=" ">
         <subfield code="a">150018654</subfield>
         <subfield code="2">VIAF</subfield>
      </datafield>
      <datafield tag="024" ind1="7" ind2=" ">
         <subfield code="a">CDN-Ccmc</subfield>
         <subfield code="q">siglum</subfield>
         <subfield code="2">rism</subfield>
      </datafield>
      <datafield tag="034" ind1="1" ind2=" ">
         <subfield code="d">-114.12959377376706</subfield>
         <subfield code="f">51.07643917172191</subfield>
      </datafield>
      <datafield tag="040" ind1=" " ind2=" ">
         <subfield code="a">DE-633</subfield>
         <subfield code="c">DE-633</subfield>
         <subfield code="e">rismg</subfield>
      </datafield>
      <datafield tag="043" ind1=" " ind2=" ">
         <subfield code="c">XD-CA</subfield>
      </datafield>
      <datafield tag="110" ind1="1" ind2=" ">
         <subfield code="a">Canadian Music Centre - Prairie Region</subfield>
         <subfield code="c">Calgary</subfield>
         <subfield code="g">CDN-Ccmc</subfield>
      </datafield>
      <datafield tag="368" ind1=" " ind2=" ">
         <subfield code="a">Institution</subfield>
         <subfield code="a">Library</subfield>
      </datafield>
      <datafield tag="371" ind1=" " ind2=" ">
         <subfield code="a">University of Calgary</subfield>
         <subfield code="a">Craigie Hall G203</subfield>
         <subfield code="a">2500 University Drive NW</subfield>
         <subfield code="b">Calgary</subfield>
         <subfield code="c">Alberta</subfield>
         <subfield code="d">Canada</subfield>
         <subfield code="e">T2N 1N4</subfield>
         <subfield code="m">prairie@cmccanada.org</subfield>
         <subfield code="u">https://libguides.ucalgary.ca/canadianmusiccentreguide/home</subfield>
         <subfield code="z">tel: +1 / 403.220.7403</subfield>
      </datafield>
      <datafield tag="510" ind1="2" ind2=" ">
         <subfield code="a">University of Calgary</subfield>
         <subfield code="w">t</subfield>
      </datafield>
      <datafield tag="551" ind1="1" ind2=" ">
         <subfield code="a">Calgary</subfield>
         <subfield code="0">places/3903548</subfield>
      </datafield>
   </record>