
   <record>
      <leader>00000nz  a2200000nc 4500</leader>
      <controlfield tag="001">institutions/51004856</controlfield>
      <controlfield tag="003">DE-633</controlfield>
      <controlfield tag="005">20250620052258.0</controlfield>
      <controlfield tag="008">210201||||z|||a|||||||||||||||||n||||||d</controlfield>
      <datafield tag="024" ind1="7" ind2=" ">
         <subfield code="a">Q58039052</subfield>
         <subfield code="2">WKP</subfield>
      </datafield>
      <datafield tag="024" ind1="7" ind2=" ">
         <subfield code="a">CDN-Ercrf</subfield>
         <subfield code="q">siglum</subfield>
         <subfield code="2">rism</subfield>
      </datafield>
      <datafield tag="034" ind1="1" ind2=" ">
         <subfield code="d">-113.52953063057858</subfield>
         <subfield code="f">53.49973319821572</subfield>
      </datafield>
      <datafield tag="040" ind1=" " ind2=" ">
         <subfield code="a">DE-633</subfield>
         <subfield code="c">DE-633</subfield>
         <subfield code="e">rismg</subfield>
      </datafield>
      <datafield tag="043" ind1=" " ind2=" ">
         <subfield code="c">XD-CA</subfield>
      </datafield>
      <datafield tag="110" ind1="1" ind2=" ">
         <subfield code="a">University of Alberta Library, Research &amp; Collections Resource Facility</subfield>
         <subfield code="c">Edmonton</subfield>
         <subfield code="g">CDN-Ercrf</subfield>
      </datafield>
      <datafield tag="368" ind1=" " ind2=" ">
         <subfield code="a">Institution</subfield>
         <subfield code="a">Library</subfield>
      </datafield>
      <datafield tag="371" ind1=" " ind2=" ">
         <subfield code="a">6304 115A Street NW</subfield>
         <subfield code="b">Edmonton, AB, T6H 2V8</subfield>
         <subfield code="c">Alberta</subfield>
         <subfield code="d">Canada</subfield>
         <subfield code="m">depository@ualberta.ca</subfield>
         <subfield code="u">https://www.library.ualberta.ca/locations/rcrf</subfield>
         <subfield code="z">tel: +1 / 780-248-1400</subfield>
      </datafield>
      <datafield tag="410" ind1=" " ind2=" ">
         <subfield code="a">RCRF - Research &amp; Collections Resource Facility</subfield>
      </datafield>
      <datafield tag="410" ind1=" " ind2=" ">
         <subfield code="a">RCRF Depository Library</subfield>
      </datafield>
      <datafield tag="551" ind1="1" ind2=" ">
         <subfield code="a">Edmonton</subfield>
         <subfield code="0">places/3902912</subfield>
      </datafield>
   </record>