
   <record>
      <leader>00000nz  a2200000nc 4500</leader>
      <controlfield tag="001">institutions/51002600</controlfield>
      <controlfield tag="003">DE-633</controlfield>
      <controlfield tag="005">20250625151118.0</controlfield>
      <controlfield tag="008">190114||||z|||a|||||||||||||||||n||||||d</controlfield>
      <datafield tag="024" ind1="7" ind2=" ">
         <subfield code="a">CA-OGU</subfield>
         <subfield code="2">ISIL</subfield>
      </datafield>
      <datafield tag="024" ind1="7" ind2=" ">
         <subfield code="a">CDN-Gul</subfield>
         <subfield code="q">siglum</subfield>
         <subfield code="2">rism</subfield>
      </datafield>
      <datafield tag="034" ind1="1" ind2=" ">
         <subfield code="d">-80.2276634793022</subfield>
         <subfield code="f">43.53149612277089</subfield>
      </datafield>
      <datafield tag="040" ind1=" " ind2=" ">
         <subfield code="a">DE-633</subfield>
         <subfield code="c">DE-633</subfield>
         <subfield code="e">rismg</subfield>
      </datafield>
      <datafield tag="043" ind1=" " ind2=" ">
         <subfield code="c">XD-CA</subfield>
      </datafield>
      <datafield tag="110" ind1="1" ind2=" ">
         <subfield code="a">University of Guelph, McLaughlin Library</subfield>
         <subfield code="c">Guelph</subfield>
         <subfield code="g">CDN-Gul</subfield>
      </datafield>
      <datafield tag="368" ind1=" " ind2=" ">
         <subfield code="a">Institution</subfield>
         <subfield code="a">Library</subfield>
      </datafield>
      <datafield tag="371" ind1=" " ind2=" ">
         <subfield code="a">50 Stone Road East</subfield>
         <subfield code="b">Guelph, Ontario, N1G 2W1</subfield>
         <subfield code="c">Ontario</subfield>
         <subfield code="d">Canada</subfield>
         <subfield code="m">library@uoguelph.ca</subfield>
         <subfield code="u">https://www.lib.uoguelph.ca/</subfield>
         <subfield code="z">tel: +1 / 519-824-4120</subfield>
      </datafield>
      <datafield tag="551" ind1="1" ind2=" ">
         <subfield code="a">Guelph</subfield>
         <subfield code="0">places/4000113</subfield>
      </datafield>
   </record>