
   <record>
      <leader>00000nz  a2200000nc 4500</leader>
      <controlfield tag="001">institutions/30061522</controlfield>
      <controlfield tag="003">DE-633</controlfield>
      <controlfield tag="005">20250625153134.0</controlfield>
      <controlfield tag="008">161109||||z|||a|||||||||||||||||n||||||d</controlfield>
      <datafield tag="024" ind1="7" ind2=" ">
         <subfield code="a">CA-NSHS</subfield>
         <subfield code="2">ISIL</subfield>
      </datafield>
      <datafield tag="024" ind1="7" ind2=" ">
         <subfield code="a">152390312</subfield>
         <subfield code="2">VIAF</subfield>
      </datafield>
      <datafield tag="024" ind1="7" ind2=" ">
         <subfield code="a">CDN-Hsmu</subfield>
         <subfield code="q">siglum</subfield>
         <subfield code="2">rism</subfield>
      </datafield>
      <datafield tag="034" ind1="1" ind2=" ">
         <subfield code="d">-63.58126169168393</subfield>
         <subfield code="f">44.632039099761776</subfield>
      </datafield>
      <datafield tag="040" ind1=" " ind2=" ">
         <subfield code="a">DE-633</subfield>
         <subfield code="c">DE-633</subfield>
         <subfield code="e">rismg</subfield>
      </datafield>
      <datafield tag="043" ind1=" " ind2=" ">
         <subfield code="c">XD-CA</subfield>
      </datafield>
      <datafield tag="110" ind1="1" ind2=" ">
         <subfield code="a">Saint Mary's University, Patrick Power Library</subfield>
         <subfield code="c">Halifax</subfield>
         <subfield code="g">CDN-Hsmu</subfield>
      </datafield>
      <datafield tag="368" ind1=" " ind2=" ">
         <subfield code="a">Institution</subfield>
         <subfield code="a">Library</subfield>
      </datafield>
      <datafield tag="371" ind1=" " ind2=" ">
         <subfield code="a">923 Robie Street</subfield>
         <subfield code="b">Halifax</subfield>
         <subfield code="c">Nova Scotia</subfield>
         <subfield code="d">Canada</subfield>
         <subfield code="e">B3H 3C3</subfield>
         <subfield code="m">Access@smu.ca</subfield>
         <subfield code="m">Research@smu.ca</subfield>
         <subfield code="u">https://www.smu.ca/academics/the-patrick-power-library.html</subfield>
         <subfield code="z">tel: Access Services: +1 / 902-420-5547</subfield>
         <subfield code="z">tel: Research Help: +1 / 902-420-5544</subfield>
      </datafield>
      <datafield tag="551" ind1="1" ind2=" ">
         <subfield code="a">Halifax</subfield>
         <subfield code="0">places/3902663</subfield>
      </datafield>
   </record>