
   <record>
      <leader>00000nz  a2200000nc 4500</leader>
      <controlfield tag="001">institutions/30001854</controlfield>
      <controlfield tag="003">DE-633</controlfield>
      <controlfield tag="005">20250626093328.0</controlfield>
      <controlfield tag="008">161109||||z|||a|||||||||||||||||n||||||d</controlfield>
      <datafield tag="024" ind1="7" ind2=" ">
         <subfield code="a">CA-NSHD</subfield>
         <subfield code="2">ISIL</subfield>
      </datafield>
      <datafield tag="024" ind1="7" ind2=" ">
         <subfield code="a">CDN-Hu</subfield>
         <subfield code="q">siglum</subfield>
         <subfield code="2">rism</subfield>
      </datafield>
      <datafield tag="034" ind1="1" ind2=" ">
         <subfield code="d">-63.591220</subfield>
         <subfield code="f">44.637277</subfield>
      </datafield>
      <datafield tag="040" ind1=" " ind2=" ">
         <subfield code="a">DE-633</subfield>
         <subfield code="c">DE-633</subfield>
         <subfield code="e">rismg</subfield>
      </datafield>
      <datafield tag="043" ind1=" " ind2=" ">
         <subfield code="c">XD-CA</subfield>
      </datafield>
      <datafield tag="110" ind1="1" ind2=" ">
         <subfield code="a">Dalhousie University, Killam Memorial Library, Music Collection</subfield>
         <subfield code="c">Halifax</subfield>
         <subfield code="g">CDN-Hu</subfield>
      </datafield>
      <datafield tag="368" ind1=" " ind2=" ">
         <subfield code="a">Institution</subfield>
         <subfield code="a">Library</subfield>
      </datafield>
      <datafield tag="371" ind1=" " ind2=" ">
         <subfield code="a">6225 University Avenue</subfield>
         <subfield code="b">Halifax</subfield>
         <subfield code="c">Nova Scotia</subfield>
         <subfield code="d">Canada</subfield>
         <subfield code="e">B3H 4R2</subfield>
         <subfield code="m">Creighton.Barrett@Dal.ca</subfield>
         <subfield code="u">https://libraries.dal.ca/find/music-collection.html</subfield>
         <subfield code="z">tel: +1 / 902-494-6490</subfield>
      </datafield>
      <datafield tag="410" ind1=" " ind2=" ">
         <subfield code="a">Dalhousie University, Killam Library, Music Resources Centre</subfield>
      </datafield>
      <datafield tag="551" ind1="1" ind2=" ">
         <subfield code="a">Halifax</subfield>
         <subfield code="0">places/3902663</subfield>
      </datafield>
      <datafield tag="667" ind1=" " ind2=" ">
         <subfield code="a">Published sources: 26</subfield>
      </datafield>
   </record>