
   <record>
      <leader>00000nz  a2200000nc 4500</leader>
      <controlfield tag="001">institutions/51008860</controlfield>
      <controlfield tag="003">DE-633</controlfield>
      <controlfield tag="005">20250625123413.0</controlfield>
      <controlfield tag="008">250625||||z|||a|||||||||||||||||n||||||d</controlfield>
      <datafield tag="024" ind1="7" ind2=" ">
         <subfield code="a">CA-NSHK</subfield>
         <subfield code="2">ISIL</subfield>
      </datafield>
      <datafield tag="024" ind1="7" ind2=" ">
         <subfield code="a">145362845</subfield>
         <subfield code="2">VIAF</subfield>
      </datafield>
      <datafield tag="024" ind1="7" ind2=" ">
         <subfield code="a">Q3551609</subfield>
         <subfield code="2">WKP</subfield>
      </datafield>
      <datafield tag="024" ind1="7" ind2=" ">
         <subfield code="a">CDN-Hukcl</subfield>
         <subfield code="q">siglum</subfield>
         <subfield code="2">rism</subfield>
      </datafield>
      <datafield tag="034" ind1="1" ind2=" ">
         <subfield code="d">-63.59415656358339</subfield>
         <subfield code="f">44.637692339462845</subfield>
      </datafield>
      <datafield tag="040" ind1=" " ind2=" ">
         <subfield code="a">DE-633</subfield>
         <subfield code="c">DE-633</subfield>
         <subfield code="e">rismg</subfield>
      </datafield>
      <datafield tag="043" ind1=" " ind2=" ">
         <subfield code="c">XD-CA</subfield>
      </datafield>
      <datafield tag="110" ind1="1" ind2=" ">
         <subfield code="a">University of King's College Halifax, Library</subfield>
         <subfield code="c">Halifax</subfield>
         <subfield code="g">CDN-Hukcl</subfield>
      </datafield>
      <datafield tag="368" ind1=" " ind2=" ">
         <subfield code="a">Institution</subfield>
         <subfield code="a">Library</subfield>
      </datafield>
      <datafield tag="371" ind1=" " ind2=" ">
         <subfield code="a">6350 Coburg Road</subfield>
         <subfield code="b">Halifax</subfield>
         <subfield code="c">Nova Scotia</subfield>
         <subfield code="d">Canada</subfield>
         <subfield code="e">NS B3H 2A1</subfield>
         <subfield code="m">library@ukings.ca</subfield>
         <subfield code="u">https://libguides.ukings.ca/homepage</subfield>
         <subfield code="z">tel: +1 / 902.422.1271 ext. 171</subfield>
      </datafield>
      <datafield tag="410" ind1=" " ind2=" ">
         <subfield code="a">King's College Library</subfield>
      </datafield>
      <datafield tag="551" ind1="1" ind2=" ">
         <subfield code="a">Halifax</subfield>
         <subfield code="0">places/3902663</subfield>
      </datafield>
   </record>