
   <record>
      <leader>00000nz  a2200000nc 4500</leader>
      <controlfield tag="001">institutions/30000468</controlfield>
      <controlfield tag="003">DE-633</controlfield>
      <controlfield tag="005">20250620051956.0</controlfield>
      <controlfield tag="008">161109||||z|||a|||||||||||||||||n||||||d</controlfield>
      <datafield tag="024" ind1="7" ind2=" ">
         <subfield code="a">CDN-Lu</subfield>
         <subfield code="q">siglum</subfield>
         <subfield code="2">rism</subfield>
      </datafield>
      <datafield tag="034" ind1="1" ind2=" ">
         <subfield code="d">-81.2737314135665</subfield>
         <subfield code="f">43.009613642416014</subfield>
      </datafield>
      <datafield tag="040" ind1=" " ind2=" ">
         <subfield code="a">DE-633</subfield>
         <subfield code="c">DE-633</subfield>
         <subfield code="e">rismg</subfield>
      </datafield>
      <datafield tag="043" ind1=" " ind2=" ">
         <subfield code="c">XD-CA</subfield>
      </datafield>
      <datafield tag="110" ind1="1" ind2=" ">
         <subfield code="a">Western University Canada, Music Library</subfield>
         <subfield code="c">London, Ontario</subfield>
         <subfield code="g">CDN-Lu</subfield>
      </datafield>
      <datafield tag="368" ind1=" " ind2=" ">
         <subfield code="a">Institution</subfield>
         <subfield code="a">Library</subfield>
      </datafield>
      <datafield tag="371" ind1=" " ind2=" ">
         <subfield code="a">Talbot College, Rm. 234</subfield>
         <subfield code="a">1151 Richmond Street</subfield>
         <subfield code="b">London, ON</subfield>
         <subfield code="c">Ontario</subfield>
         <subfield code="d">Canada</subfield>
         <subfield code="e">N6A 3K7</subfield>
         <subfield code="m">musref@uwo.ca</subfield>
         <subfield code="u">https://www.lib.uwo.ca/music/index.html</subfield>
         <subfield code="z">tel: +1 / 519-661-3913</subfield>
      </datafield>
      <datafield tag="410" ind1=" " ind2=" ">
         <subfield code="a">University of Western Ontario Library System, Music Library</subfield>
      </datafield>
      <datafield tag="410" ind1=" " ind2=" ">
         <subfield code="a">Lawson Memorial Library</subfield>
      </datafield>
      <datafield tag="551" ind1="1" ind2=" ">
         <subfield code="a">London</subfield>
         <subfield code="0">places/3900629</subfield>
      </datafield>
      <datafield tag="667" ind1=" " ind2=" ">
         <subfield code="a">Published sources: 702</subfield>
      </datafield>
   </record>