
   <record>
      <leader>00000nz  a2200000nc 4500</leader>
      <controlfield tag="001">institutions/30003602</controlfield>
      <controlfield tag="003">DE-633</controlfield>
      <controlfield tag="005">20250626080847.0</controlfield>
      <controlfield tag="008">161109||||z|||a|||||||||||||||||n||||||d</controlfield>
      <datafield tag="024" ind1="7" ind2=" ">
         <subfield code="a">CA-NBMOU</subfield>
         <subfield code="2">ISIL</subfield>
      </datafield>
      <datafield tag="024" ind1="7" ind2=" ">
         <subfield code="a">128924104</subfield>
         <subfield code="2">VIAF</subfield>
      </datafield>
      <datafield tag="024" ind1="7" ind2=" ">
         <subfield code="a">CDN-MOu</subfield>
         <subfield code="q">siglum</subfield>
         <subfield code="2">rism</subfield>
      </datafield>
      <datafield tag="034" ind1="1" ind2=" ">
         <subfield code="d">-64.7868773739949</subfield>
         <subfield code="f">46.10501509366221</subfield>
      </datafield>
      <datafield tag="040" ind1=" " ind2=" ">
         <subfield code="a">DE-633</subfield>
         <subfield code="c">DE-633</subfield>
         <subfield code="e">rismg</subfield>
      </datafield>
      <datafield tag="043" ind1=" " ind2=" ">
         <subfield code="c">XD-CA</subfield>
      </datafield>
      <datafield tag="110" ind1="1" ind2=" ">
         <subfield code="a">Université de Moncton, Bibliothèque Champlain</subfield>
         <subfield code="c">Moncton</subfield>
         <subfield code="g">CDN-MOu</subfield>
      </datafield>
      <datafield tag="368" ind1=" " ind2=" ">
         <subfield code="a">Institution</subfield>
         <subfield code="a">Library</subfield>
      </datafield>
      <datafield tag="371" ind1=" " ind2=" ">
         <subfield code="a">415 Université Ave</subfield>
         <subfield code="b">Moncton</subfield>
         <subfield code="c">New Brunswick</subfield>
         <subfield code="d">Canada</subfield>
         <subfield code="e">NB E1G 6G4</subfield>
         <subfield code="m">bichamp@umoncton.ca</subfield>
         <subfield code="u">https://www.umoncton.ca/umcm-bibliotheque-champlain/accueil</subfield>
         <subfield code="z">tel: +1 / (506) 858-4012</subfield>
      </datafield>
      <datafield tag="410" ind1=" " ind2=" ">
         <subfield code="a">Université de Moncton, Bibliothèque Champlain, Département de Musique et Archives Acadiennes</subfield>
      </datafield>
      <datafield tag="551" ind1="1" ind2=" ">
         <subfield code="a">Moncton</subfield>
         <subfield code="0">places/3903853</subfield>
      </datafield>
   </record>