
   <record>
      <leader>00000nz  a2200000nc 4500</leader>
      <controlfield tag="001">institutions/30006518</controlfield>
      <controlfield tag="003">DE-633</controlfield>
      <controlfield tag="005">20250620052048.0</controlfield>
      <controlfield tag="008">161109||||z|||a|||||||||||||||||n||||||d</controlfield>
      <datafield tag="024" ind1="7" ind2=" ">
         <subfield code="a">Q6801308</subfield>
         <subfield code="2">WKP</subfield>
      </datafield>
      <datafield tag="024" ind1="7" ind2=" ">
         <subfield code="a">CDN-Mlr</subfield>
         <subfield code="q">siglum</subfield>
         <subfield code="2">rism</subfield>
      </datafield>
      <datafield tag="034" ind1="1" ind2=" ">
         <subfield code="d">-73.57616735449872</subfield>
         <subfield code="f">45.50307256555288</subfield>
      </datafield>
      <datafield tag="040" ind1=" " ind2=" ">
         <subfield code="a">DE-633</subfield>
         <subfield code="c">DE-633</subfield>
         <subfield code="e">rismg</subfield>
      </datafield>
      <datafield tag="043" ind1=" " ind2=" ">
         <subfield code="c">XD-CA</subfield>
      </datafield>
      <datafield tag="110" ind1="1" ind2=" ">
         <subfield code="a">McGill Library, Humanities and Social Sciences Library</subfield>
         <subfield code="c">Montréal</subfield>
         <subfield code="g">CDN-Mlr</subfield>
      </datafield>
      <datafield tag="368" ind1=" " ind2=" ">
         <subfield code="a">Institution</subfield>
         <subfield code="a">Library</subfield>
      </datafield>
      <datafield tag="371" ind1=" " ind2=" ">
         <subfield code="a">McLennan Library Building</subfield>
         <subfield code="a">3459 Mc Tavish Street</subfield>
         <subfield code="b">Montréal, Québec H3A 0C9</subfield>
         <subfield code="c">Québec</subfield>
         <subfield code="d">Canada</subfield>
         <subfield code="u">https://www.mcgill.ca/library/branches/hssl</subfield>
         <subfield code="z">tel: +1 / 514-398-4734</subfield>
      </datafield>
      <datafield tag="410" ind1=" " ind2=" ">
         <subfield code="a">McGill University, Humanities and Social Sciences Library McLennan-Redpath</subfield>
      </datafield>
      <datafield tag="510" ind1="2" ind2=" ">
         <subfield code="a">Bibliothèque de l'Université McGill, Bibliothèque des sciences humaines et sociales</subfield>
      </datafield>
      <datafield tag="551" ind1="1" ind2=" ">
         <subfield code="a">Montréal</subfield>
         <subfield code="0">places/3900587</subfield>
      </datafield>
   </record>