
   <record>
      <leader>00000nz  a2200000nc 4500</leader>
      <controlfield tag="001">institutions/30006530</controlfield>
      <controlfield tag="003">DE-633</controlfield>
      <controlfield tag="005">20250627075442.0</controlfield>
      <controlfield tag="008">161109||||z|||a|||||||||||||||||n||||||d</controlfield>
      <datafield tag="024" ind1="7" ind2=" ">
         <subfield code="a">51159032787001182764</subfield>
         <subfield code="2">VIAF</subfield>
      </datafield>
      <datafield tag="024" ind1="7" ind2=" ">
         <subfield code="a">CDN-Qaa</subfield>
         <subfield code="q">siglum</subfield>
         <subfield code="2">rism</subfield>
      </datafield>
      <datafield tag="034" ind1="1" ind2=" ">
         <subfield code="d">-71.20449279686308</subfield>
         <subfield code="f">46.81479787627289</subfield>
      </datafield>
      <datafield tag="040" ind1=" " ind2=" ">
         <subfield code="a">DE-633</subfield>
         <subfield code="c">DE-633</subfield>
         <subfield code="e">rismg</subfield>
      </datafield>
      <datafield tag="043" ind1=" " ind2=" ">
         <subfield code="c">XD-CA</subfield>
      </datafield>
      <datafield tag="110" ind1="1" ind2=" ">
         <subfield code="a">Archives de l'Archidiocèse de Québec</subfield>
         <subfield code="c">Québec</subfield>
         <subfield code="g">CDN-Qaa</subfield>
      </datafield>
      <datafield tag="368" ind1=" " ind2=" ">
         <subfield code="a">Institution</subfield>
         <subfield code="a">Archive</subfield>
         <subfield code="a">Library</subfield>
      </datafield>
      <datafield tag="371" ind1=" " ind2=" ">
         <subfield code="a">Centre des archives</subfield>
         <subfield code="a">1, rue des Remparts, niveau 600</subfield>
         <subfield code="b">Québec, QC</subfield>
         <subfield code="c">Québec</subfield>
         <subfield code="d">Canada</subfield>
         <subfield code="e">G1R 5L7</subfield>
         <subfield code="m">archives@ecdq.org</subfield>
         <subfield code="m">maude.leclerc@ecdq.org</subfield>
         <subfield code="u">https://archivesacrq.org/</subfield>
         <subfield code="z">contact: Maude Leclerc</subfield>
         <subfield code="z">tel: +1 / 418 688-1211, poste 449</subfield>
      </datafield>
      <datafield tag="410" ind1=" " ind2=" ">
         <subfield code="a">Archives historiques</subfield>
      </datafield>
      <datafield tag="551" ind1="1" ind2=" ">
         <subfield code="a">Québec</subfield>
         <subfield code="0">places/3901410</subfield>
      </datafield>
   </record>