
   <record>
      <leader>00000nz  a2200000nc 4500</leader>
      <controlfield tag="001">institutions/30002609</controlfield>
      <controlfield tag="003">DE-633</controlfield>
      <controlfield tag="005">20250626092819.0</controlfield>
      <controlfield tag="008">161109||||z|||a|||||||||||||||||n||||||d</controlfield>
      <datafield tag="024" ind1="7" ind2=" ">
         <subfield code="a">CA-QQMAB</subfield>
         <subfield code="2">ISIL</subfield>
      </datafield>
      <datafield tag="024" ind1="7" ind2=" ">
         <subfield code="a">Q3145390</subfield>
         <subfield code="2">WKP</subfield>
      </datafield>
      <datafield tag="024" ind1="7" ind2=" ">
         <subfield code="a">CDN-Qhd</subfield>
         <subfield code="q">siglum</subfield>
         <subfield code="2">rism</subfield>
      </datafield>
      <datafield tag="034" ind1="1" ind2=" ">
         <subfield code="d">-71.210255</subfield>
         <subfield code="f">46.816114</subfield>
      </datafield>
      <datafield tag="040" ind1=" " ind2=" ">
         <subfield code="a">DE-633</subfield>
         <subfield code="c">DE-633</subfield>
         <subfield code="e">rismg</subfield>
      </datafield>
      <datafield tag="043" ind1=" " ind2=" ">
         <subfield code="c">XD-CA</subfield>
      </datafield>
      <datafield tag="110" ind1="1" ind2=" ">
         <subfield code="a">La bibliothèque du monastère des Augustines de l'Hôtel-Dieu de Québec</subfield>
         <subfield code="c">Québec</subfield>
         <subfield code="g">CDN-Qhd</subfield>
      </datafield>
      <datafield tag="368" ind1=" " ind2=" ">
         <subfield code="a">Institution</subfield>
         <subfield code="a">Library</subfield>
      </datafield>
      <datafield tag="371" ind1=" " ind2=" ">
         <subfield code="a">75, rue des Remparts</subfield>
         <subfield code="b">Québec, QC G1R 3R9</subfield>
         <subfield code="d">Canada</subfield>
         <subfield code="u">http://www.augustines.ca/</subfield>
      </datafield>
      <datafield tag="410" ind1=" " ind2=" ">
         <subfield code="a">Les Augustines de la Miséricorde de Jésus, Bibliothèque du Monastère</subfield>
      </datafield>
      <datafield tag="551" ind1="1" ind2=" ">
         <subfield code="a">Québec</subfield>
         <subfield code="0">places/3901410</subfield>
      </datafield>
      <datafield tag="680" ind1="1" ind2=" ">
         <subfield code="a">Le fonds ancien de la bibliothèque du monastère des Augustines de l'Hôtel-Dieu de Québec est un ensemble d'ouvrages dont les pièces datent de 1601 à 1900. Le fonds contient des livres traitant principalement de sujets religieux. Il comprend aussi des livres de musique et de médecine et des ouvrages sur des sujets pratiques. Il est conservé au monastère des Augustines de la Miséricorde de Jésus, dans l'arrondissement de La Cité-Limoilou de la ville de Québec. Le fonds ancien est classé en 2003.</subfield>
      </datafield>
   </record>