
   <record>
      <leader>00000nz  a2200000nc 4500</leader>
      <controlfield tag="001">institutions/30002610</controlfield>
      <controlfield tag="003">DE-633</controlfield>
      <controlfield tag="005">20250627090813.0</controlfield>
      <controlfield tag="008">161109||||z|||a|||||||||||||||||n||||||d</controlfield>
      <datafield tag="024" ind1="7" ind2=" ">
         <subfield code="a">154699936</subfield>
         <subfield code="2">VIAF</subfield>
      </datafield>
      <datafield tag="024" ind1="7" ind2=" ">
         <subfield code="a">Q6647642</subfield>
         <subfield code="2">WKP</subfield>
      </datafield>
      <datafield tag="024" ind1="7" ind2=" ">
         <subfield code="a">CDN-Qlh</subfield>
         <subfield code="q">siglum</subfield>
         <subfield code="2">rism</subfield>
      </datafield>
      <datafield tag="034" ind1="1" ind2=" ">
         <subfield code="d">-71.21043897396366</subfield>
         <subfield code="f">46.812729628476625</subfield>
      </datafield>
      <datafield tag="040" ind1=" " ind2=" ">
         <subfield code="a">DE-633</subfield>
         <subfield code="c">DE-633</subfield>
         <subfield code="e">rismg</subfield>
      </datafield>
      <datafield tag="043" ind1=" " ind2=" ">
         <subfield code="c">XD-CA</subfield>
      </datafield>
      <datafield tag="110" ind1="1" ind2=" ">
         <subfield code="a">Société littéraire et historique de Québec, Bibliothèque</subfield>
         <subfield code="c">Québec</subfield>
         <subfield code="g">CDN-Qlh</subfield>
      </datafield>
      <datafield tag="368" ind1=" " ind2=" ">
         <subfield code="a">Institution</subfield>
         <subfield code="a">Library</subfield>
      </datafield>
      <datafield tag="371" ind1=" " ind2=" ">
         <subfield code="a">Morrin centre - Bibliothèque</subfield>
         <subfield code="a">44, chaussée des Écossais</subfield>
         <subfield code="b">Québec</subfield>
         <subfield code="c">Québec</subfield>
         <subfield code="d">Canada</subfield>
         <subfield code="e">G1R 4H3</subfield>
         <subfield code="m">kathleenhulley@morrin.org</subfield>
         <subfield code="u">https://www.morrin.org/bibliotheque/</subfield>
         <subfield code="z">contact: Kathleen Hulley</subfield>
         <subfield code="z">tel: +1 / 418-694-9147 poste 229</subfield>
      </datafield>
      <datafield tag="410" ind1=" " ind2=" ">
         <subfield code="a">Literary and Historical Society of Quebec, Library</subfield>
      </datafield>
      <datafield tag="551" ind1="1" ind2=" ">
         <subfield code="a">Québec</subfield>
         <subfield code="0">places/3901410</subfield>
      </datafield>
      <datafield tag="680" ind1="1" ind2=" ">
         <subfield code="a">Le Morrin centre est le siège de la Société littéraire et historique de Québec.</subfield>
      </datafield>
   </record>