
   <record>
      <leader>00000nz  a2200000nc 4500</leader>
      <controlfield tag="001">institutions/30003611</controlfield>
      <controlfield tag="003">DE-633</controlfield>
      <controlfield tag="005">20250627084001.0</controlfield>
      <controlfield tag="008">161109||||z|||a|||||||||||||||||n||||||d</controlfield>
      <datafield tag="024" ind1="7" ind2=" ">
         <subfield code="a">19159032526801180037</subfield>
         <subfield code="2">VIAF</subfield>
      </datafield>
      <datafield tag="024" ind1="7" ind2=" ">
         <subfield code="a">CDN-Qmu</subfield>
         <subfield code="q">siglum</subfield>
         <subfield code="2">rism</subfield>
      </datafield>
      <datafield tag="034" ind1="1" ind2=" ">
         <subfield code="d">-71.20773027396372</subfield>
         <subfield code="f">46.81220497113182</subfield>
      </datafield>
      <datafield tag="040" ind1=" " ind2=" ">
         <subfield code="a">DE-633</subfield>
         <subfield code="c">DE-633</subfield>
         <subfield code="e">rismg</subfield>
      </datafield>
      <datafield tag="043" ind1=" " ind2=" ">
         <subfield code="c">XD-CA</subfield>
      </datafield>
      <datafield tag="110" ind1="1" ind2=" ">
         <subfield code="a">Monastère des Ursulines, Archives</subfield>
         <subfield code="c">Québec</subfield>
         <subfield code="g">CDN-Qmu</subfield>
      </datafield>
      <datafield tag="368" ind1=" " ind2=" ">
         <subfield code="a">Institution</subfield>
         <subfield code="a">Archive</subfield>
         <subfield code="a">Library</subfield>
      </datafield>
      <datafield tag="371" ind1=" " ind2=" ">
         <subfield code="a">12, rue Donnacona</subfield>
         <subfield code="b">Québec</subfield>
         <subfield code="c">Québec</subfield>
         <subfield code="d">Canada</subfield>
         <subfield code="e">G1R 3Y7</subfield>
         <subfield code="m">info@polecultureldesursulines.ca</subfield>
         <subfield code="u">https://www.polecultureldesursulines.ca/archives/</subfield>
         <subfield code="z">contact: Sœur Marcelle Boucher</subfield>
         <subfield code="z">tel: +1 / 418-694-0694, poste 5</subfield>
      </datafield>
      <datafield tag="410" ind1=" " ind2=" ">
         <subfield code="a">Archives du Monastère des Ursulines de Mérici</subfield>
      </datafield>
      <datafield tag="551" ind1="1" ind2=" ">
         <subfield code="a">Québec</subfield>
         <subfield code="0">places/3901410</subfield>
      </datafield>
   </record>