
   <record>
      <leader>00000nz  a2200000nc 4500</leader>
      <controlfield tag="001">institutions/30003613</controlfield>
      <controlfield tag="003">DE-633</controlfield>
      <controlfield tag="005">20250627140252.0</controlfield>
      <controlfield tag="008">161109||||z|||a|||||||||||||||||n||||||d</controlfield>
      <datafield tag="024" ind1="7" ind2=" ">
         <subfield code="a">CA-QSTHS</subfield>
         <subfield code="2">ISIL</subfield>
      </datafield>
      <datafield tag="024" ind1="7" ind2=" ">
         <subfield code="a">CDN-SHs</subfield>
         <subfield code="q">siglum</subfield>
         <subfield code="2">rism</subfield>
      </datafield>
      <datafield tag="034" ind1="1" ind2=" ">
         <subfield code="d">-72.94327249729788</subfield>
         <subfield code="f">45.633507990870065</subfield>
      </datafield>
      <datafield tag="040" ind1=" " ind2=" ">
         <subfield code="a">DE-633</subfield>
         <subfield code="c">DE-633</subfield>
         <subfield code="e">rismg</subfield>
      </datafield>
      <datafield tag="043" ind1=" " ind2=" ">
         <subfield code="c">XD-CA</subfield>
      </datafield>
      <datafield tag="110" ind1="1" ind2=" ">
         <subfield code="a">Bibliothèque du Séminaire de Saint-Hyacinthe</subfield>
         <subfield code="c">Saint-Hyacinthe</subfield>
         <subfield code="g">CDN-SHs</subfield>
      </datafield>
      <datafield tag="368" ind1=" " ind2=" ">
         <subfield code="a">Institution</subfield>
         <subfield code="a">Library</subfield>
      </datafield>
      <datafield tag="371" ind1=" " ind2=" ">
         <subfield code="a">650, rue Girouard Est</subfield>
         <subfield code="b">Saint-Hyacinthe</subfield>
         <subfield code="c">Québec</subfield>
         <subfield code="d">Canada</subfield>
         <subfield code="e">J2S 2Y2</subfield>
         <subfield code="m">biblio@seminairesth.org</subfield>
         <subfield code="u">http://www.bibssh.qc.ca/fr/bssh_fr.htm</subfield>
         <subfield code="z">tel: +1 / (450) 774-5560 poste 109</subfield>
      </datafield>
      <datafield tag="551" ind1="1" ind2=" ">
         <subfield code="a">Saint-Hyacinthe</subfield>
         <subfield code="0">places/3903855</subfield>
      </datafield>
   </record>