
   <record>
      <leader>00000nz  a2200000nc 4500</leader>
      <controlfield tag="001">institutions/51007776</controlfield>
      <controlfield tag="003">DE-633</controlfield>
      <controlfield tag="005">20250620052317.0</controlfield>
      <controlfield tag="008">240209||||z|||a|||||||||||||||||n||||||d</controlfield>
      <datafield tag="024" ind1="7" ind2=" ">
         <subfield code="a">CDN-STCbul</subfield>
         <subfield code="q">siglum</subfield>
         <subfield code="2">rism</subfield>
      </datafield>
      <datafield tag="034" ind1="1" ind2=" ">
         <subfield code="d">-79.2476969152669</subfield>
         <subfield code="f">43.118132024536514</subfield>
      </datafield>
      <datafield tag="040" ind1=" " ind2=" ">
         <subfield code="a">DE-633</subfield>
         <subfield code="c">DE-633</subfield>
         <subfield code="e">rismg</subfield>
      </datafield>
      <datafield tag="043" ind1=" " ind2=" ">
         <subfield code="c">XD-CA</subfield>
      </datafield>
      <datafield tag="110" ind1="1" ind2=" ">
         <subfield code="a">Brock University Library, Archives &amp; Special Collections</subfield>
         <subfield code="c">St. Catharines</subfield>
         <subfield code="g">CDN-STCbul</subfield>
      </datafield>
      <datafield tag="368" ind1=" " ind2=" ">
         <subfield code="a">Institution</subfield>
         <subfield code="a">Library</subfield>
         <subfield code="a">Archive</subfield>
      </datafield>
      <datafield tag="371" ind1=" " ind2=" ">
         <subfield code="a">1812 Sir Isaac Brock Way</subfield>
         <subfield code="b">St. Catharines, ON L2S 3A1</subfield>
         <subfield code="c">Ontario</subfield>
         <subfield code="d">Canada</subfield>
         <subfield code="m">archives@brocku.ca</subfield>
         <subfield code="u">https://brocku.ca/library/</subfield>
         <subfield code="u">https://brocku.ca/library/archives/</subfield>
         <subfield code="z">tel: +1 / (905) 688-5550, ext. 3264</subfield>
      </datafield>
      <datafield tag="551" ind1="1" ind2=" ">
         <subfield code="a">St. Catharines</subfield>
         <subfield code="0">places/50020740</subfield>
      </datafield>
   </record>