
   <record>
      <leader>00000nz  a2200000nc 4500</leader>
      <controlfield tag="001">institutions/30080845</controlfield>
      <controlfield tag="003">DE-633</controlfield>
      <controlfield tag="005">20250627120445.0</controlfield>
      <controlfield tag="008">161109||||z|||a|||||||||||||||||n||||||d</controlfield>
      <datafield tag="024" ind1="7" ind2=" ">
         <subfield code="a">CA-NFSM</subfield>
         <subfield code="2">ISIL</subfield>
      </datafield>
      <datafield tag="024" ind1="7" ind2=" ">
         <subfield code="a">150032583</subfield>
         <subfield code="2">VIAF</subfield>
      </datafield>
      <datafield tag="024" ind1="7" ind2=" ">
         <subfield code="a">Q1895354</subfield>
         <subfield code="2">WKP</subfield>
      </datafield>
      <datafield tag="024" ind1="7" ind2=" ">
         <subfield code="a">CDN-STJ</subfield>
         <subfield code="q">siglum</subfield>
         <subfield code="2">rism</subfield>
      </datafield>
      <datafield tag="034" ind1="1" ind2=" ">
         <subfield code="d">-52.7348609020795</subfield>
         <subfield code="f">47.5715491015608</subfield>
      </datafield>
      <datafield tag="040" ind1=" " ind2=" ">
         <subfield code="a">DE-633</subfield>
         <subfield code="c">DE-633</subfield>
         <subfield code="e">rismg</subfield>
      </datafield>
      <datafield tag="043" ind1=" " ind2=" ">
         <subfield code="c">XD-CA</subfield>
      </datafield>
      <datafield tag="110" ind1="1" ind2=" ">
         <subfield code="a">Memorial University of Newfoundland (MUN) - Queen Elizabeth II Library (QEII)</subfield>
         <subfield code="c">St. John's, NL</subfield>
         <subfield code="g">CDN-STJ</subfield>
      </datafield>
      <datafield tag="368" ind1=" " ind2=" ">
         <subfield code="a">Institution</subfield>
         <subfield code="a">Library</subfield>
      </datafield>
      <datafield tag="371" ind1=" " ind2=" ">
         <subfield code="a">Memorial University</subfield>
         <subfield code="a">234 Elizabeth Avenue</subfield>
         <subfield code="b">St. John's, NL</subfield>
         <subfield code="c">Newfoundland</subfield>
         <subfield code="d">Canada</subfield>
         <subfield code="e">A1B 3Y1</subfield>
         <subfield code="u">https://www.library.mun.ca/qeii/aboutus/</subfield>
         <subfield code="z">tel: +1 / 709-864-7427</subfield>
      </datafield>
      <datafield tag="551" ind1="1" ind2=" ">
         <subfield code="a">St. John's, NL</subfield>
         <subfield code="0">places/3905755</subfield>
      </datafield>
   </record>