
   <record>
      <leader>00000nz  a2200000nc 4500</leader>
      <controlfield tag="001">institutions/51008861</controlfield>
      <controlfield tag="003">DE-633</controlfield>
      <controlfield tag="005">20250625123310.0</controlfield>
      <controlfield tag="008">250625||||z|||a|||||||||||||||||n||||||d</controlfield>
      <datafield tag="024" ind1="7" ind2=" ">
         <subfield code="a">CA-OSUL</subfield>
         <subfield code="2">ISIL</subfield>
      </datafield>
      <datafield tag="024" ind1="7" ind2=" ">
         <subfield code="a">CDN-SUDludl</subfield>
         <subfield code="q">siglum</subfield>
         <subfield code="2">rism</subfield>
      </datafield>
      <datafield tag="034" ind1="1" ind2=" ">
         <subfield code="d">-80.97580234149426</subfield>
         <subfield code="f">46.467241484806415</subfield>
      </datafield>
      <datafield tag="040" ind1=" " ind2=" ">
         <subfield code="a">DE-633</subfield>
         <subfield code="c">DE-633</subfield>
         <subfield code="e">rismg</subfield>
      </datafield>
      <datafield tag="043" ind1=" " ind2=" ">
         <subfield code="c">XD-CA</subfield>
      </datafield>
      <datafield tag="110" ind1="1" ind2=" ">
         <subfield code="a">Laurentian University, J. N. Desmarais Library</subfield>
         <subfield code="c">City of Greater Sudbury</subfield>
         <subfield code="g">CDN-SUDludl</subfield>
      </datafield>
      <datafield tag="368" ind1=" " ind2=" ">
         <subfield code="a">Institution</subfield>
         <subfield code="a">Library</subfield>
      </datafield>
      <datafield tag="371" ind1=" " ind2=" ">
         <subfield code="a">935 Ramsey Lake Road</subfield>
         <subfield code="b">Sudbury, ON</subfield>
         <subfield code="c">Ontario</subfield>
         <subfield code="d">Canada</subfield>
         <subfield code="e">P3E 2C6</subfield>
         <subfield code="m">library@laurentian.ca</subfield>
         <subfield code="u">https://biblio.laurentian.ca/guides/library_jn-desmarais-library</subfield>
         <subfield code="z">tel: +1 / 705-675-4800</subfield>
      </datafield>
      <datafield tag="551" ind1="1" ind2=" ">
         <subfield code="a">City of Greater Sudbury</subfield>
         <subfield code="0">places/50021605</subfield>
      </datafield>
   </record>