
   <record>
      <leader>00000nz  a2200000nc 4500</leader>
      <controlfield tag="001">institutions/51008864</controlfield>
      <controlfield tag="003">DE-633</controlfield>
      <controlfield tag="005">20250625124817.0</controlfield>
      <controlfield tag="008">250625||||z|||a|||||||||||||||||n||||||d</controlfield>
      <datafield tag="024" ind1="7" ind2=" ">
         <subfield code="a">CA-OTMC</subfield>
         <subfield code="2">ISIL</subfield>
      </datafield>
      <datafield tag="024" ind1="7" ind2=" ">
         <subfield code="a">128947306</subfield>
         <subfield code="2">VIAF</subfield>
      </datafield>
      <datafield tag="024" ind1="7" ind2=" ">
         <subfield code="a">Q104908215</subfield>
         <subfield code="2">WKP</subfield>
      </datafield>
      <datafield tag="024" ind1="7" ind2=" ">
         <subfield code="a">CDN-Tmcdl</subfield>
         <subfield code="q">siglum</subfield>
         <subfield code="2">rism</subfield>
      </datafield>
      <datafield tag="034" ind1="1" ind2=" ">
         <subfield code="d">-79.39717187409927</subfield>
         <subfield code="f">43.66464650993829</subfield>
      </datafield>
      <datafield tag="040" ind1=" " ind2=" ">
         <subfield code="a">DE-633</subfield>
         <subfield code="c">DE-633</subfield>
         <subfield code="e">rismg</subfield>
      </datafield>
      <datafield tag="043" ind1=" " ind2=" ">
         <subfield code="c">XD-CA</subfield>
      </datafield>
      <datafield tag="110" ind1="1" ind2=" ">
         <subfield code="a">Massey College, Robertson Davies Library</subfield>
         <subfield code="c">Toronto</subfield>
         <subfield code="g">CDN-Tmcdl</subfield>
      </datafield>
      <datafield tag="368" ind1=" " ind2=" ">
         <subfield code="a">Institution</subfield>
         <subfield code="a">Library</subfield>
      </datafield>
      <datafield tag="371" ind1=" " ind2=" ">
         <subfield code="a">4 Devonshire Pl</subfield>
         <subfield code="b">Toronto, ON</subfield>
         <subfield code="c">Ontario</subfield>
         <subfield code="d">Canada</subfield>
         <subfield code="e">M5S 2E1</subfield>
         <subfield code="u">https://www.masseycollege.ca/library/</subfield>
         <subfield code="z">tel: +1 / 4169782893</subfield>
      </datafield>
      <datafield tag="551" ind1="1" ind2=" ">
         <subfield code="a">Toronto</subfield>
         <subfield code="0">places/3901247</subfield>
      </datafield>
   </record>