
   <record>
      <leader>00000nz  a2200000nc 4500</leader>
      <controlfield tag="001">institutions/51008863</controlfield>
      <controlfield tag="003">DE-633</controlfield>
      <controlfield tag="005">20250625123150.0</controlfield>
      <controlfield tag="008">250625||||z|||a|||||||||||||||||n||||||d</controlfield>
      <datafield tag="024" ind1="7" ind2=" ">
         <subfield code="a">CA-OTTC</subfield>
         <subfield code="2">ISIL</subfield>
      </datafield>
      <datafield tag="024" ind1="7" ind2=" ">
         <subfield code="a">Q105831922</subfield>
         <subfield code="2">WKP</subfield>
      </datafield>
      <datafield tag="024" ind1="7" ind2=" ">
         <subfield code="a">CDN-Ttcgl</subfield>
         <subfield code="q">siglum</subfield>
         <subfield code="2">rism</subfield>
      </datafield>
      <datafield tag="034" ind1="1" ind2=" ">
         <subfield code="d">-79.39636390108498</subfield>
         <subfield code="f">43.66509173221682</subfield>
      </datafield>
      <datafield tag="040" ind1=" " ind2=" ">
         <subfield code="a">DE-633</subfield>
         <subfield code="c">DE-633</subfield>
         <subfield code="e">rismg</subfield>
      </datafield>
      <datafield tag="043" ind1=" " ind2=" ">
         <subfield code="c">XD-CA</subfield>
      </datafield>
      <datafield tag="110" ind1="1" ind2=" ">
         <subfield code="a">Trinity College - John W. Graham Library</subfield>
         <subfield code="c">Toronto</subfield>
         <subfield code="g">CDN-Ttcgl</subfield>
      </datafield>
      <datafield tag="368" ind1=" " ind2=" ">
         <subfield code="a">Institution</subfield>
         <subfield code="a">Library</subfield>
      </datafield>
      <datafield tag="371" ind1=" " ind2=" ">
         <subfield code="a">3 Devonshire Place, East House</subfield>
         <subfield code="b">Toronto, ON</subfield>
         <subfield code="c">Ontario</subfield>
         <subfield code="d">Canada</subfield>
         <subfield code="e">M5S 1H8</subfield>
         <subfield code="m">ask.grahamlibrary@utoronto.ca</subfield>
         <subfield code="u">https://www.trinity.utoronto.ca/library/</subfield>
         <subfield code="z">tel: +1 / 4169785851</subfield>
      </datafield>
      <datafield tag="510" ind1="2" ind2=" ">
         <subfield code="a">University of Toronto</subfield>
         <subfield code="w">t</subfield>
      </datafield>
      <datafield tag="551" ind1="1" ind2=" ">
         <subfield code="a">Toronto</subfield>
         <subfield code="0">places/3901247</subfield>
      </datafield>
   </record>