
   <record>
      <leader>00000nz  a2200000nc 4500</leader>
      <controlfield tag="001">institutions/30079398</controlfield>
      <controlfield tag="003">DE-633</controlfield>
      <controlfield tag="005">20250627121246.0</controlfield>
      <controlfield tag="008">161109||||z|||a|||||||||||||||||n||||||d</controlfield>
      <datafield tag="024" ind1="7" ind2=" ">
         <subfield code="a">CA-OTU</subfield>
         <subfield code="2">ISIL</subfield>
      </datafield>
      <datafield tag="024" ind1="7" ind2=" ">
         <subfield code="a">125499842</subfield>
         <subfield code="2">VIAF</subfield>
      </datafield>
      <datafield tag="024" ind1="7" ind2=" ">
         <subfield code="a">Q2156146</subfield>
         <subfield code="2">WKP</subfield>
      </datafield>
      <datafield tag="024" ind1="7" ind2=" ">
         <subfield code="a">CDN-Turl</subfield>
         <subfield code="q">siglum</subfield>
         <subfield code="2">rism</subfield>
      </datafield>
      <datafield tag="040" ind1=" " ind2=" ">
         <subfield code="a">DE-633</subfield>
         <subfield code="c">DE-633</subfield>
         <subfield code="e">rismg</subfield>
      </datafield>
      <datafield tag="043" ind1=" " ind2=" ">
         <subfield code="c">XD-CA</subfield>
      </datafield>
      <datafield tag="110" ind1="1" ind2=" ">
         <subfield code="a">University of Toronto - Robarts Library</subfield>
         <subfield code="c">Toronto</subfield>
         <subfield code="g">CDN-Turl</subfield>
      </datafield>
      <datafield tag="368" ind1=" " ind2=" ">
         <subfield code="a">Institution</subfield>
         <subfield code="a">Library</subfield>
      </datafield>
      <datafield tag="371" ind1=" " ind2=" ">
         <subfield code="a">130 St. George St.</subfield>
         <subfield code="b">Toronto</subfield>
         <subfield code="c">Ontario</subfield>
         <subfield code="d">Canada</subfield>
         <subfield code="e">M5S 1A5</subfield>
         <subfield code="m">libraryhelp@utoronto.ca</subfield>
         <subfield code="u">https://onesearch.library.utoronto.ca/library-info/ROBARTS</subfield>
         <subfield code="z">tel: +1 / 416-978-8450</subfield>
      </datafield>
      <datafield tag="410" ind1=" " ind2=" ">
         <subfield code="a">John P. Robarts Research Library</subfield>
      </datafield>
      <datafield tag="551" ind1="1" ind2=" ">
         <subfield code="a">Toronto</subfield>
         <subfield code="0">places/3901247</subfield>
      </datafield>
   </record>