
   <record>
      <leader>00000nz  a2200000nc 4500</leader>
      <controlfield tag="001">institutions/30003616</controlfield>
      <controlfield tag="003">DE-633</controlfield>
      <controlfield tag="005">20250627135216.0</controlfield>
      <controlfield tag="008">161109||||z|||a|||||||||||||||||n||||||d</controlfield>
      <datafield tag="024" ind1="7" ind2=" ">
         <subfield code="a">34159032527901180081</subfield>
         <subfield code="2">VIAF</subfield>
      </datafield>
      <datafield tag="024" ind1="7" ind2=" ">
         <subfield code="a">Q134552046</subfield>
         <subfield code="2">WKP</subfield>
      </datafield>
      <datafield tag="024" ind1="7" ind2=" ">
         <subfield code="a">CDN-Vcm</subfield>
         <subfield code="q">siglum</subfield>
         <subfield code="2">rism</subfield>
      </datafield>
      <datafield tag="034" ind1="1" ind2=" ">
         <subfield code="d">-123.12770473152315</subfield>
         <subfield code="f">49.278246672051736</subfield>
      </datafield>
      <datafield tag="040" ind1=" " ind2=" ">
         <subfield code="a">DE-633</subfield>
         <subfield code="c">DE-633</subfield>
         <subfield code="e">rismg</subfield>
      </datafield>
      <datafield tag="043" ind1=" " ind2=" ">
         <subfield code="c">XD-CA</subfield>
      </datafield>
      <datafield tag="110" ind1="1" ind2=" ">
         <subfield code="a">Canadian Music Centre</subfield>
         <subfield code="c">Vancouver</subfield>
         <subfield code="g">CDN-Vcm</subfield>
      </datafield>
      <datafield tag="368" ind1=" " ind2=" ">
         <subfield code="a">Institution</subfield>
         <subfield code="a">Library</subfield>
      </datafield>
      <datafield tag="371" ind1=" " ind2=" ">
         <subfield code="a">837 Davie Street</subfield>
         <subfield code="b">Vancouver, BC</subfield>
         <subfield code="c">British Columbia</subfield>
         <subfield code="d">Canada</subfield>
         <subfield code="e">V6Z 1B7</subfield>
         <subfield code="m">bcregion@cmccanada.org</subfield>
         <subfield code="u">https://bc.cmccanada.org/</subfield>
         <subfield code="z">tel: +1 / 604.734.4622</subfield>
      </datafield>
      <datafield tag="551" ind1="1" ind2=" ">
         <subfield code="a">Vancouver, BC</subfield>
         <subfield code="0">places/3902549</subfield>
      </datafield>
   </record>