
   <record>
      <leader>00000nz  a2200000nc 4500</leader>
      <controlfield tag="001">institutions/30003617</controlfield>
      <controlfield tag="003">DE-633</controlfield>
      <controlfield tag="005">20250627131421.0</controlfield>
      <controlfield tag="008">161109||||z|||a|||||||||||||||||n||||||d</controlfield>
      <datafield tag="024" ind1="7" ind2=" ">
         <subfield code="a">41159032529001180097</subfield>
         <subfield code="2">VIAF</subfield>
      </datafield>
      <datafield tag="024" ind1="7" ind2=" ">
         <subfield code="a">CDN-Vp</subfield>
         <subfield code="q">siglum</subfield>
         <subfield code="2">rism</subfield>
      </datafield>
      <datafield tag="034" ind1="1" ind2=" ">
         <subfield code="d">-123.1156108738516</subfield>
         <subfield code="f">49.279727471395915</subfield>
      </datafield>
      <datafield tag="040" ind1=" " ind2=" ">
         <subfield code="a">DE-633</subfield>
         <subfield code="c">DE-633</subfield>
         <subfield code="e">rismg</subfield>
      </datafield>
      <datafield tag="043" ind1=" " ind2=" ">
         <subfield code="c">XD-CA</subfield>
      </datafield>
      <datafield tag="110" ind1="1" ind2=" ">
         <subfield code="a">Vancouver Public Library, Central Library, Music Resources</subfield>
         <subfield code="c">Vancouver</subfield>
         <subfield code="g">CDN-Vp</subfield>
      </datafield>
      <datafield tag="368" ind1=" " ind2=" ">
         <subfield code="a">Institution</subfield>
         <subfield code="a">Library</subfield>
      </datafield>
      <datafield tag="371" ind1=" " ind2=" ">
         <subfield code="a">350 West Georgia Street</subfield>
         <subfield code="b">Vancouver, BC</subfield>
         <subfield code="c">British Columbia</subfield>
         <subfield code="d">Canada</subfield>
         <subfield code="e">V6B 6B1</subfield>
         <subfield code="m">info@vpl.ca</subfield>
         <subfield code="u">https://www.vpl.ca/location/central-library</subfield>
         <subfield code="z">+1 / 604.331.3603</subfield>
      </datafield>
      <datafield tag="410" ind1=" " ind2=" ">
         <subfield code="a">Vancouver Public Library, Fine Arts, Music &amp; Films Division</subfield>
      </datafield>
      <datafield tag="551" ind1="1" ind2=" ">
         <subfield code="a">Vancouver, BC</subfield>
         <subfield code="0">places/3902549</subfield>
      </datafield>
   </record>