
   <record>
      <leader>00000nz  a2200000nc 4500</leader>
      <controlfield tag="001">institutions/30000490</controlfield>
      <controlfield tag="003">DE-633</controlfield>
      <controlfield tag="005">20250620051956.0</controlfield>
      <controlfield tag="008">161109||||z|||a|||||||||||||||||n||||||d</controlfield>
      <datafield tag="024" ind1="7" ind2=" ">
         <subfield code="a">159366253</subfield>
         <subfield code="2">VIAF</subfield>
      </datafield>
      <datafield tag="024" ind1="7" ind2=" ">
         <subfield code="a">CDN-Vu</subfield>
         <subfield code="q">siglum</subfield>
         <subfield code="2">rism</subfield>
      </datafield>
      <datafield tag="034" ind1="1" ind2=" ">
         <subfield code="d">-123.25271955958023</subfield>
         <subfield code="f">49.26753258106133</subfield>
      </datafield>
      <datafield tag="040" ind1=" " ind2=" ">
         <subfield code="a">DE-633</subfield>
         <subfield code="c">DE-633</subfield>
         <subfield code="e">rismg</subfield>
      </datafield>
      <datafield tag="043" ind1=" " ind2=" ">
         <subfield code="c">XD-CA</subfield>
      </datafield>
      <datafield tag="110" ind1="1" ind2=" ">
         <subfield code="a">University of British Columbia Library - Music, Art and Architecture Library</subfield>
         <subfield code="c">Vancouver</subfield>
         <subfield code="g">CDN-Vu</subfield>
      </datafield>
      <datafield tag="368" ind1=" " ind2=" ">
         <subfield code="a">Institution</subfield>
         <subfield code="a">Library</subfield>
      </datafield>
      <datafield tag="371" ind1=" " ind2=" ">
         <subfield code="a">Vancouver Campus</subfield>
         <subfield code="a">Irving K. Barber Learning Centre - Level 3</subfield>
         <subfield code="a">1961 East Mall</subfield>
         <subfield code="b">Vancouver, BC</subfield>
         <subfield code="c">British Columbia</subfield>
         <subfield code="d">Canada V6T 1Z1</subfield>
         <subfield code="m">maa.library@ubc.ca</subfield>
         <subfield code="u">https://maa.library.ubc.ca/</subfield>
         <subfield code="z">tel: +1 / (604) 822-8149</subfield>
      </datafield>
      <datafield tag="410" ind1=" " ind2=" ">
         <subfield code="a">University of British Columbia</subfield>
      </datafield>
      <datafield tag="410" ind1=" " ind2=" ">
         <subfield code="a">University of British Columbia Library, Fine Arts Division</subfield>
      </datafield>
      <datafield tag="410" ind1=" " ind2=" ">
         <subfield code="a">University of British Columbia, Music Library</subfield>
      </datafield>
      <datafield tag="551" ind1="1" ind2=" ">
         <subfield code="a">Vancouver, BC</subfield>
         <subfield code="0">places/3902549</subfield>
      </datafield>
      <datafield tag="667" ind1=" " ind2=" ">
         <subfield code="a">Published sources: 61</subfield>
      </datafield>
   </record>